@misc{kula2015metadata,
      title={Metadata Embeddings for User and Item Cold-start Recommendations}, 
      author={Maciej Kula},
      year={2015},
      eprint={1507.08439},
      archivePrefix={arXiv},
      primaryClass={cs.IR}
}

@article{Salton1975AVS,
  title={A vector space model for automatic indexing},
  author={Gerard Salton and Anita Wong and Chung-Shu Yang},
  journal={Commun. ACM},
  year={1975},
  volume={18},
  pages={613-620},
  url={https://api.semanticscholar.org/CorpusID:6473756}
}